<?xml version="1.0" encoding="UTF-8"?><collection xmlns="http://www.loc.gov/MARC21/slim"><record><leader>00699nam--2200193-u-4500</leader><controlfield tag="001">000053522</controlfield><controlfield tag="002">20161230</controlfield><controlfield tag="005">20161230201051</controlfield><controlfield tag="008">110411s1000------------r-----000-0-eng-d</controlfield><datafield ind1=" " ind2=" " tag="020"><subfield code="a">0931228320</subfield></datafield><datafield ind1=" " ind2=" " tag="040"><subfield code="a">IFIN-HH</subfield></datafield><datafield ind1=" " ind2=" " tag="080"><subfield code="a">57</subfield></datafield><datafield ind1="1" ind2=" " tag="100"><subfield code="a">Revel, Jean-paul</subfield></datafield><datafield ind1="1" ind2="0" tag="245"><subfield code="a">The science of biological s[ecimen preparation for microscopy and microanalysis</subfield><subfield code="b">Proceedings of the 2nd pfefferkorn, conference, held april 23 to 28, 1983, at the sugar loaf mountain resort, traverse city, mi</subfield><subfield code="c">Jean-paul revel; tudor barnard; georffrey h. haggis (eds.)</subfield></datafield><datafield ind1=" " ind2=" " tag="260"><subfield code="a">Amf O'Hare</subfield><subfield code="b">Sem</subfield><subfield code="c">1984</subfield></datafield><datafield ind1=" " ind2=" " tag="300"><subfield code="a">245P</subfield></datafield><datafield ind1="1" ind2=" " tag="700"><subfield code="b">Haggis, Geoffrey H</subfield><subfield code="e">Ed</subfield></datafield><datafield ind1=" " ind2=" " tag="852"><subfield code="a">81233</subfield><subfield code="c">57</subfield></datafield><datafield ind1=" " ind2=" " tag="CAT"><subfield code="a">Sys</subfield><subfield code="c">20110411</subfield><subfield code="h">100140</subfield></datafield></record></collection>